<record><leader>00000cas a2200000 a 4500</leader><controlfield tag="001">14100635</controlfield><controlfield tag="008">860816d18611862lauwr ne      0    0eng d</controlfield><datafield ind1=" " ind2=" " tag="010"><subfield code="a">sn 86053687 </subfield></datafield><datafield ind1=" " ind2=" " tag="040"><subfield code="a">NDD</subfield><subfield code="b">eng</subfield><subfield code="c">NDD</subfield><subfield code="d">NPX</subfield><subfield code="d">MGN</subfield><subfield code="d">OCL</subfield><subfield code="d">OCLCQ</subfield></datafield><datafield ind1=" " ind2=" " tag="042"><subfield code="a">msc</subfield></datafield><datafield ind1="0" ind2="4" tag="245"><subfield code="a">The Junior register.</subfield></datafield><datafield ind1="1" ind2="3" tag="246"><subfield code="a">Attakapas register</subfield></datafield><datafield ind1=" " ind2=" " tag="260"><subfield code="a">Franklin (Attakapas), Parish of St. Mary, La. :</subfield><subfield code="b">Jona. C. White &amp; Son,</subfield><subfield code="c">-1862.</subfield></datafield><datafield ind1=" " ind2=" " tag="300"><subfield code="a">v. ;</subfield><subfield code="c">40 cm.</subfield></datafield><datafield ind1="1" ind2=" " tag="362"><subfield code="a">Began in 1861.</subfield></datafield><datafield ind1="0" ind2=" " tag="362"><subfield code="a">-v. 1, no. 14 (Mar. 13, 1862).</subfield></datafield><datafield ind1=" " ind2=" " tag="500"><subfield code="a">Editors: Jonathan C. and Marcus B. White.</subfield></datafield><datafield ind1=" " ind2=" " tag="588"><subfield code="a">Description based on: Vol. 1, no. 2 (Dec. 12, 1861).</subfield></datafield><datafield ind1="1" ind2=" " tag="700"><subfield code="a">White, Jonathan C.</subfield></datafield><datafield ind1="1" ind2=" " tag="700"><subfield code="a">White, Marcus B.</subfield></datafield><datafield ind1=" " ind2=" " tag="752"><subfield code="a">United States</subfield><subfield code="b">Louisiana</subfield><subfield code="c">Saint Mary</subfield><subfield code="d">Franklin.</subfield></datafield><datafield ind1="0" ind2="0" tag="785"><subfield code="t">Weekly junior register (Franklin, La.)</subfield><subfield code="w">(DLC)sn 83026393</subfield></datafield><datafield ind1="1" ind2=" " tag="029"><subfield code="a">AU@</subfield><subfield code="b">000020423839</subfield></datafield></record>